@misc{1511.01138,
Author = {Sebastian Wild},
Title = {Why Is Dual-Pivot Quicksort Fast?},
Year = {2015},
Eprint = {arXiv:1511.01138},
}
@article{yaroslavskiy2009dual,
  title={Dual-pivot quicksort algorithm},
  author={Yaroslavskiy, Vladimir},
  journal={Retrieved December},
  volume={24},
  pages={2018},
  year={2009}
}